<?xml version="1.0" encoding="UTF-8"?><record xmlns="http://www.loc.gov/MARC21/slim" xmlns:cinclude="http://apache.org/cocoon/include/1.0" xmlns:zs="http://www.loc.gov/zing/srw/">
  <leader>00417nz  a2200133n  4500</leader>
  <controlfield tag="001">nr 95008985 </controlfield>
  <controlfield tag="003">DLC</controlfield>
  <controlfield tag="005">19950314054258.8</controlfield>
  <controlfield tag="008">950309n| acannaab|          |a ana     c</controlfield>
  <datafield tag="010" ind1=" " ind2=" ">
    <subfield code="a">nr 95008985 </subfield>
  </datafield>
  <datafield tag="040" ind1=" " ind2=" ">
    <subfield code="a">NIC</subfield>
    <subfield code="c">NIC</subfield>
  </datafield>
  <datafield tag="110" ind1="2" ind2="0">
    <subfield code="a">Félag íslenskra lyflœkna.</subfield>
    <subfield code="b">Þing</subfield>
  </datafield>
  <datafield tag="410" ind1="2" ind2="0">
    <subfield code="a">Þing Félags íslenskra lyflœkna</subfield>
  </datafield>
  <datafield tag="670" ind1=" " ind2=" ">
    <subfield code="a">XI. þing Félags íslenskra lyflœkna, Kirkjubœjarklaustri 10.-12. júní 1994, 1994</subfield>
  </datafield>
</record>